

@article{Lorentz_1892,
  author = {H. A. Lorentz},
  title = {Electromagnetic phenomena in a system moving with any velocity smaller than that of light},
  journal = {Proceedings of the Royal Netherlands Academy of Arts and Sciences},
  year = {1892},
}

@article{Einstein_1905,
  author = {A. Einstein},
  title = {On the electrodynamics of moving bodies},
  journal = {Annalen der Physik},
  year = {1905},
}





@article{Wigner1939,
  author = {E. P. Wigner},
  title = {On unitary representations of the inhomogeneous Lorentz group},
  journal = {Annals of Mathematics},
  volume = {40},
  number = {1},
  pages = {149-204},
  year = {1939},
}

@book{Weinberg1995,
  author = {Steven Weinberg},
  title = {The Quantum Theory of Fields: Volume 1},
  publisher = {Cambridge University Press},
  year = {1995},
}

@book{Ryder1996,
  author = {Lewis H. Ryder},
  title = {Quantum field theory},
  edition = {2},
  publisher = {Cambridge University Press},
  year = {1996},
}


@article{Veneziano1968,
  author = {Gabriele Veneziano},
  title = {Construction of a crossing-symmetric, Regge-behaved amplitude for linearly rising trajectories},
  journal = {Il Nuovo Cimento A},
  volume = {57},
  number = {1},
  pages = {190-197},
  year = {1968},
}

@article{Virasoro1970,
  author = {Miguel A. Virasoro},
  title = {Subsidiary conditions and ghosts in dual-resonance models},
  journal = {Physical Review D},
  volume = {1},
  number = {10},
  pages = {2933-2936},
  year = {1970},
}

@article{Polyakov1981,
  author = {Alexander M. Polyakov},
  title = {Quantum geometry of bosonic strings},
  journal = {Physics Letters B},
  volume = {103},
  number = {3},
  pages = {207-210},
  year = {1981},
}

@book{Green1987,
  author = {Michael B. Green and John H. Schwarz and Edward Witten},
  title = {Superstring theory},
  publisher = {Cambridge University Press},
  year = {1987},
}

@article{Neveu1971,
  author = {Andr√© Neveu and John H. Schwarz},
  title = {Factorizable dual model of pions},
  journal = {Nuclear Physics B},
  volume = {31},
  pages = {86-112},
  year = {1971},
}

@article{Ramond1971,
  author = {Pierre Ramond},
  title = {Dual theory for free fermions},
  journal = {Physical Review D},
  volume = {3},
  number = {10},
  pages = {2415-2418},
  year = {1971},
}

@article{GellMann1964,
  author = {Murray Gell-Mann},
  title = {A schematic model of baryons and mesons},
  journal = {Physics Letters},
  volume = {8},
  number = {3},
  pages = {214-215},
  year = {1964},
}

@article{wigner1939unitary,
  author = {Wigner, Eugene P.},
  title = {On unitary representations of the inhomogeneous {Lorentz} group},
  journal = {Annals of Mathematics},
  volume = {40},
  number = {1},
  pages = {149--204},
  year = {1939},
}

@article{weinberg1979ultraviolet,
  author = {Weinberg, Steven},
  title = {Ultraviolet divergences in quantum theories of gravitation},
  booktitle = {General Relativity: An Einstein Centenary Survey},
  pages = {790--831},
  year = {1979},
  publisher = {Cambridge University Press},
}



@incollection{Fritzsch1972,
  author = {H. Fritzsch and Murray Gell-Mann},
  title = {Current algebra: Quarks and what else?},
  booktitle = {Physics and Astrophysics of Quark-Gluon Plasma},
  pages = {1-64},
  publisher = {Springer},
  year = {1972},
}

@article{Gross1973,
  author = {David J. Gross and Frank Wilczek},
  title = {Ultraviolet behavior of non-abelian gauge theories},
  journal = {Physical Review Letters},
  volume = {30},
  number = {26},
  pages = {1343-1346},
  year = {1973},
}

@article{Politzer1973,
  author = {H. David Politzer},
  title = {Reliable perturbative results for strong interactions?},
  journal = {Physical Review Letters},
  volume = {30},
  number = {26},
  pages = {1346-1349},
  year = {1973},
}

@article{vafa2005string,
  author = {Vafa, Cumrun},
  title = {The string landscape and the swampland},
  year = {2005},
  eprint = {hep-th/0509212}
}

@article{denef2007geometry,
  author = {Denef, Frederik and Aganagic, Mina},
  title = {On the geometry of the string landscape and the swampland},
  year = {2007},
  eprint = {hep-th/0702094}
}

@book{weinberg1995quantum,
  author = {Weinberg, Steven},
  title = {The Quantum Theory of Fields: Volume 1},
  year = {1995},
  publisher = {Cambridge University Press},
}

@book{ryder1996quantum,
  author = {Ryder, Lewis H.},
  title = {Quantum Field Theory},
  year = {1996},
  publisher = {Cambridge University Press},
}



@article{Bargmann1947,
  author = {V. Bargmann},
  title = {Irreducible Unitary Representations of the Lorentz Group},
  journal = {Annals of Mathematics},
  volume = {48},
  number = {3},
  pages = {568-640},
  year = {1947},
}

@article{Candelas1991,
  author = {P. Candelas and et al.},
  title = {A Pair of Calabi-Yau Manifolds as an Exactly Soluble Superconformal Theory},
  journal = {Nuclear Physics B},
  volume = {359},
  pages = {21-74},
  year = {1991},
}

@article{Vafa1996,
  author = {C. Vafa},
  title = {Evidence for F-Theory},
  journal = {Nuclear Physics B},
  volume = {469},
  pages = {403-418},
  year = {1996},
}

@article{Candelas1992,
  author = {P. Candelas and et al.},
  title = {Mirror Symmetry},
  journal = {Nuclear Physics B},
  volume = {387},
  pages = {3-32},
  year = {1992},
}

@article{Witten1995,
  author = {E. Witten},
  title = {String Theory Dynamics in Various Dimensions},
  journal = {Nuclear Physics B},
  volume = {443},
  pages = {85-126},
  year = {1995},
}
